@inproceedings{stone2010ad,
  title={Ad Hoc Autonomous Agent Teams: Collaboration without Pre-Coordination.},
  author={Stone, Peter and Kaminka, Gal A and Kraus, Sarit and Rosenschein, Jeffrey S and others},
  booktitle={AAAI},
  year={2010}
}

@inproceedings{barrett2011empirical,
  title={Empirical evaluation of ad hoc teamwork in the pursuit domain},
  author={Barrett, Samuel and Stone, Peter and Kraus, Sarit},
  booktitle={The 10th International Conference on Autonomous Agents and Multiagent Systems-Volume 2},
  pages={567--574},
  year={2011}
}

@inproceedings{barrett2011adhoc,
  author = {Samuel Barrett and Peter Stone},
  title = {Ad Hoc Teamwork Modeled with Multi-armed Bandits: An Extension to Discounted Infinite Rewards},
 booktitle ={Tenth International Conference on Autonomous Agents and Multiagent Systems - Adaptive Learning Agents Workshop (ALA)},
  location = {Taipei, Taiwan},
  month = {May},
  year = {2011}
}

@inproceedings{barrett2013team,
  author = {Samuel Barrett and Peter Stone and Sarit Kraus and Avi Rosenfeld},
  title = {Teamwork with Limited Knowledge of Teammates},
  booktitle = {Proceedings of the Twenty-Seventh AAAI Conference on Artificial Intelligence},
  location = {Bellevue, Washington, USA},
  month = {July},
  year = {2013}
}

@InProceedings{barrett2014communicating,
  author = {Samuel Barrett and Noa Agmon and Noam Hazon and Sarit
Kraus and Peter Stone},
  title = {Communicating with Unknown Teammates},
  booktitle = {Proceedings of the Twenty-First European Conference on
Artificial Intelligence},
  location = {Prague, Czech Republic},
  month = {August},
  year = {2014}
}

@inproceedings{bowling2005coordination,
  title={Coordination and adaptation in impromptu teams},
  author={Bowling, Michael and McCracken, Peter},
  booktitle={AAAI},
  volume={5},
  pages={53--58},
  year={2005}
}

@inproceedings{gil2006dynamically,
  title={Dynamically formed heterogeneous robot teams performing tightly-coordinated tasks},
  author={Gil Jones, E and Browning, Brett and Dias, M Bernardine and Argall, Brenna and Veloso, Manuela and Stentz, Anthony},
  booktitle={Robotics and Automation, 2006. ICRA 2006. Proceedings 2006 IEEE International Conference on},
  pages={570--575},
  year={2006},
  organization={IEEE}
}

@inproceedings{albrecht2014uai,
  title = {On Convergence and Optimality of Best-Response Learning with Policy Types in Multiagent Systems},
  author = {Albrecht, S.V. and Ramamoorthy, S.},
  booktitle = {Proceedings of the 30th Conference on Uncertainty in Artificial Intelligence (UAI)},
  address = {Quebec City, Canada},
  month = {July},
  year = {2014}
}

@inproceedings{stone2010teach,
  title={To teach or not to teach?: decision making under uncertainty in ad hoc teams},
  author={Stone, Peter and Kraus, Sarit},
  booktitle={Proceedings of the 9th International Conference on Autonomous Agents and Multiagent Systems: volume 1-Volume 1},
  pages={117--124},
  year={2010},
  organization={International Foundation for Autonomous Agents and Multiagent Systems}
}

@article{stone2013teaching,
  author={Peter Stone and Gal A.\ Kaminka and Sarit Kraus and Jeffrey R.\ Rosenschein and Noa Agmon},
  title="Teaching and leading an ad hoc teammate: Collaboration without pre-coordination",
  journal="Artificial Intelligence",
  year="2013",
  volume="203",
  month="October",
  pages="35--65",
}

@inproceedings{grizou2014interactive,
  title={Interactive Learning from Unlabeled Instructions},
  author={Grizou, Jonathan and Iturrate, I{\~n}aki and Montesano, Luis and Oudeyer, Pierre-Yves and Lopes, Manuel},
  booktitle={Proceedings of the Thirtieth Conference on Uncertainty in Artificial Intelligence},
  year={2014}
}

@inproceedings{grizou2014calibration,
    title = {{Calibration-Free BCI Based Control}},
    author = {Grizou, Jonathan and Iturrate, I{\~n}aki and Montesano, Luis and Oudeyer, Pierre-Yves and Lopes, Manuel},
    booktitle = {{AAAI Conference on Artificial Intelligence}},
    address = {Quebec, Canada},
    year = {2014},
}

@inproceedings{grizou2013robot,
    title = {{Robot Learning Simultaneously a Task and How to Interpret Human Instructions}},
    author = {Grizou, Jonathan and Lopes, Manuel and Oudeyer, Pierre-Yves},
    booktitle = {{Joint IEEE International Conference on Development and Learning and on Epigenetic Robotics (ICDL-EpiRob)}},
    address = {Osaka, Japan},
    year = {2013},
}

@TechReport{benda1986empirical,
  author =       "Benda, M. and Jagannathan, V. and Dodhiawala, R.",
  title =        "On Optimal Cooperation of Knowledge Sources - An Empirical Investigation",
  institution =  "Boeing Advanced Technology Center, Boeing Computing Services",
  year =         "1986",
  number =    "BCS--G2010--28",
  address =   "Seattle, WA, USA",
  month =     "July",
}

@article{stone2000multiagent,
  title={Multiagent systems: A survey from a machine learning perspective},
  author={Stone, Peter and Veloso, Manuela},
  journal={Autonomous Robots},
  volume={8},
  number={3},
  pages={345--383},
  year={2000},
  publisher={Springer}
}

@book{sutton1998reinforcement,
  title={Reinforcement learning: An introduction},
  author={Sutton, R.S. and Barto, A.G.},
  volume={28},
  year={1998},
  publisher={Cambridge Univ Press}
}

@article{Kindermans2012a,
author = {Kindermans, Pieter-Jan and Verstraeten, David and Schrauwen, Benjamin},
doi = {10.1371/journal.pone.0033758},
journal = {PloS one},
month = jan,
number = {4},
pages = {e33758},
title = {{A bayesian model for exploiting application constraints to enable unsupervised training of a P300-based BCI.}},
volume = {7},
year = {2012}
}

@article{grosz1996collaborative,
  title={Collaborative plans for complex group action},
  author={Grosz, Barbara J and Kraus, Sarit},
  journal={Artificial Intelligence},
  volume={86},
  number={2},
  pages={269--357},
  year={1996},
  publisher={Elsevier}
}

@article{tambe1997towards,
  title={Towards flexible teamwork},
  author={Tambe, Milind},
  journal={Journal of artificial intelligence research},
  pages={83--124},
  year={1997}
}

@InProceedings{agmon12leading,
    author = {Noa Agmon and Peter Stone},
    title = {Leading Ad Hoc Agents in Joint Action Settings with Multiple Teammates},
    booktitle = {Proc. of 11th Int. Conf. on Autonomous Agents and Multiagent Systems (AAMAS)},
    location = {Valencia, Spain},
    month = {June},
    year = {2012},
}

@inproceedings{genter2013flock,
title={Ad Hoc Teamwork for Leading a Flock},
author={Katie Genter and Noa Agmon and Peter Stone},
booktitle={Proceedings of the 12th International Conference on Autonomous Agents and Multiagent Systems (AAMAS 2013)},
month={May},
year={2013}
}

@inproceedings{chakraborty2013cooperating,
title={Cooperating with a {M}arkovian Ad Hoc Teammate},
author={Doran Chakraborty and Peter Stone},
booktitle={Proceedings of the 12th International Conference on Autonomous Agents and Multiagent Systems (AAMAS)},
month={May},
url="http://www.cs.utexas.edu/users/ai-lab/?AAMAS13-chakrado",
year={2013}
}

@inproceedings{genter2011role,
title={Role-Based Ad Hoc Teamwork},
author={Katie Genter and Noa Agmon and Peter Stone},
booktitle={Proceedings of the Plan, Activity, and Intent Recognition Workshop at the Twenty-Fifth Conference on Artificial Intelligence (PAIR-11)
},
month={August},
url="http://www.cs.utexas.edu/users/ai-lab/?PAIR11-katie",
year={2011}
}
